%%% Local Volatility %%%
@article{dupire1997pricing,
  title={Pricing and hedging with smiles},
  author={Dupire, Bruno},
  journal={Mathematics of derivative securities},
  volume={1},
  number={1},
  pages={103--111},
  year={1997},
  publisher={Cambridge University Press Cambridge, UK}
}
@article{dupire1994pricing,
  title={Pricing with a smile},
  author={Dupire, Bruno and others},
  journal={Risk},
  volume={7},
  number={1},
  pages={18--20},
  year={1994}
  note = {\url{http://citeseerx.ist.psu.edu/viewdoc/download?doi=10.1.1.320.5063&rep=rep1&type=pdf}}
}

@article{derman1994riding,
  title={Riding on a smile},
  author={Derman, Emanuel and Kani, Iraj},
  journal={Risk},
  volume={7},
  number={2},
  pages={32--39},
  year={1994}
  note = {\url{https://www.researchgate.net/profile/Emanuel_Derman/publication/239059413_Riding_on_a_Smile/links/558950e408ae6d4f27ea5ab4/Riding-on-a-Smile.pdf}}
}

@book{gatheral2011volatility,
  title={The volatility surface: a practitioner's guide},
  author={Gatheral, Jim},
  volume={357},
  year={2011},
  publisher={John Wiley \& Sons}
}
